%% This BibTeX bibliography file was created using BibDesk.
%% http://bibdesk.sourceforge.net/


%% Created by Gabriel Peixoto de Carvalho


%%articles%%-------------------------------------------------------------------

@article{cendrillon2007,
	Author = {Raphael Cendrillon and George Ginis and Etienne Van den Bogaert and Marc Moonen},
	Date-Added = {2013-08-10 03:39:10 +0000},
	Date-Modified = {2013-08-12 13:58:03 +0000},
	Journal = {{IEEE} Transactions on Communications},
	Month = {may},
	Pages = {860-863},
	Title = {A Near-Optimal Linear Crosstalk Precoder for Downstream {VDSL}},
	Volume = {55},
	Year = {2007}}

	@unpublished{ee379a,
	Author = {John Cioffi},
	Date-Added = {2013-06-22 23:16:42 +0000},
	Date-Modified = {2013-06-22 23:21:03 +0000},
	Institution = {Stanford University},
	Title = {Lecture Notes for Digital Communication: Signal Processing},
	Year = {Winter Quarter 2007-2008}}

%%-----------------------------------------------------------------------------

%%books%%----------------------------------------------------------------------

@book{gray2006,
	Author = {Robert M. Gray},
	Date-Added = {2013-07-11 19:40:55 +0000},
	Date-Modified = {2013-07-11 19:42:22 +0000},
	Publisher = {Now Publishers Inc},
	Title = {Toeplitz and Circulant Matrices: A review},
	Year = {2006}}

	@inbook{fundamentalsDSLch7,
	Author = {Krista S. Jacobsen},
	Chapter = {7},
	Date-Added = {2013-06-27 02:38:00 +0000},
	Date-Modified = {2013-08-12 14:57:08 +0000},
	Editor = {Philip Golden and Herve Dedieu and Krista S. Jacobsen},
	Publisher = {Auerbach Publications},
	Title = {Fundamentals of {DSL} Technology},
	Year = {2006}}

%%-----------------------------------------------------------------------------

%%thesis%%---------------------------------------------------------------------

@phdthesis{malkin2009,
	Address = {Stanford, {USA}},
	Author = {Moshe H. Malkin},
	Date-Added = {2013-07-03 01:31:45 +0000},
	Date-Modified = {2013-08-12 15:09:30 +0000},
	Month = {jun.},
	School = {Stanford University},
	Title = {Optimized Transmitter-Based Signal Processing for Multicarrier Systems},
	Year = {2009}}

%%-----------------------------------------------------------------------------

%%techreport%%-----------------------------------------------------------------

@techreport{tno_gfast,
	Address = {The Netherlands},
	Author = {Rob F.M. van den Brink},
	Date-Added = {2013-07-23 15:42:54 +0000},
	Date-Modified = {2013-08-12 14:59:00 +0000},
	Institution = {{TNO}},
	Month = {apr.},
	Title = {Enabling 4{GBB} via the last copper drop of a hybrid {F}tt{H} deployment},
	Type = {White paper on {DSL}},
	Year = {2011}}

%%-----------------------------------------------------------------------------

%%datasheet%%------------------------------------------------------------------

@manual{nxp:tja1043,
    organization  = "NXP Semiconductors",
    title         = "High-speed CAN transceiver",
    number        = "TJA1043",
    year          =  2013,
    month         =  4,    
    note          = "Rev. 3"
}

@manual{infineon:TLE4473GV55-2,
    organization  = "Infineon Technologies AG",
    title         = "Dual Low Dropout Voltage Regulator",
    number        = "TLE 4473 GV55-2",
    year          =  2008,
    month         =  10,
    note          = "Rev. 1.2"
}

@manual{freescale:33879A,
    organization  = "Freescale Semiconductor",
    title         = "Configurable Octal Serial Switch
                    with Open Load Detect Current Disable",
    year          =  2012,
    month         =  6,
    number        = "MC33879",
    note          = "Rev. 10.0"
}

%%-----------------------------------------------------------------------------

%%misc%%-----------------------------------------------------------------------
@misc{CD4007,
  	author={Texas Instruments},
  	title={CD4007UB},
  	howpublished = "site usar package url",
  	note={original document from Harris Semiconductor},
  	publisher={Texas Instruments},
  	year={2012}
}
%%-----------------------------------------------------------------------------



